@article{Keshav,
    author = {Keshav, S.},
    title = {How to Read a Paper},
    journal = {SIGCOMM Comput. Commun. Rev.},
    issue_date = {July 2007},
    volume = {37},
    number = {3},
    month = jul,
    year = {2007},
    issn = {0146-4833},
    pages = {83--84},
    numpages = {2},
    url = {http://doi.acm.org/10.1145/1273445.1273458},
    doi = {10.1145/1273445.1273458},
    acmid = {1273458},
    publisher = {ACM},
    address = {New York, NY, USA},
    keywords = {hints, paper, reading},
} 

@article{Dawkins,
	author = {Dawkins, P.},
    title = {Baconian-Rosicrucian Ciphers},
    Publication = {The Francis Bacon Research Trust},
    issue_date = {June, 2016},
    month = Jun,
    year = {2016},
    pages = {1},
    url = {https://www.fbrt.org.uk/pages/essays/Baconian-Rosicrucian_Ciphers.pdf},
}

@article{Simmons,
	author = {Simmons, Gustavus J.},
    title = {Transposition cipher},
    Publication -= {Encyclopedia Britannica},
    issue_date = {May, 2011},
    month = May,
    year = {2011},
    pages = {1},
    url = {https://www.britannica.com/topic/transposition-cipher},
}